<?xml version="1.0" encoding="UTF-8"?><collection xmlns="http://www.loc.gov/MARC21/slim"><record><leader>00775nam--2200217-i-4500</leader><controlfield tag="001">000011644</controlfield><controlfield tag="002">20161230</controlfield><controlfield tag="005">20161230201029</controlfield><controlfield tag="008">060222s1000------------r-----000-0-eng-d</controlfield><datafield ind1=" " ind2=" " tag="020"><subfield code="a">0470073217</subfield></datafield><datafield ind1=" " ind2=" " tag="040"><subfield code="a">IFIN-HH</subfield></datafield><datafield ind1=" " ind2=" " tag="080"><subfield code="a">539.2:53O.145.6</subfield></datafield><datafield ind1="1" ind2=" " tag="100"><subfield code="a">Bir,G.L</subfield></datafield><datafield ind1="1" ind2="0" tag="245"><subfield code="a">Symmetry and strain-induced effects in semiconductors</subfield><subfield code="b">With a foreword by j.c. hensel, translated from russian by p. shelnitz, translation edited by d. louvish</subfield><subfield code="c">G.l. bir, g.e. pikus</subfield></datafield><datafield ind1=" " ind2=" " tag="260"><subfield code="a">New York</subfield><subfield code="b">John Wiley &amp; Sons</subfield><subfield code="c">1974</subfield></datafield><datafield ind1=" " ind2=" " tag="300"><subfield code="a">X+484P</subfield></datafield><datafield ind1=" " ind2=" " tag="500"><subfield code="a">Titlul Original In Limba Rusa: Simmetriya I Deformarsionnye Effekty V Poluprovodnikakh</subfield></datafield><datafield ind1="2" ind2=" " tag="650"><subfield code="a">Crystallography, Matemathical</subfield></datafield><datafield ind1="1" ind2=" " tag="700"><subfield code="a">Pikus, G.E</subfield></datafield><datafield ind1=" " ind2=" " tag="852"><subfield code="a">42974</subfield><subfield code="c">537.311.33</subfield></datafield><datafield ind1=" " ind2=" " tag="CAT"><subfield code="a">Sys</subfield><subfield code="c">20110722</subfield><subfield code="h">142908</subfield></datafield></record></collection>